@book{jakubiec_przetwarzanie,
	title = {Pomiarowe przetwarzanie próbkujące},
	author = {Jakubiec, J. and Roj, J.},
	year = {2000},
	publisher = {Wydawnictwo Politechniki Śląskiej}
}

@book{kampik_przetworniki,
	title = {Sensory i przetworniki pomiarowe},
	author = {Zakrzewski, J. and Kampik, M.},
	year = {2013},
	publisher = {Wydawnictwo Politechniki Śląskiej}
}

@book{grimmett_probability,
	title = {Probability and Random Processes},
	author = {Grimmett, G. and Stirzaker, D.},
	year = {2020},
	publisher = {Oxford University Press}
}

@book{ahmad_wavelet,
	title = {Wavelet Packets and Their Statistical Applications},
	author = {Ahmad, K.},
	year = {2018},
	publisher = {Springer}
}

@book{moore_interval,
	title = {Interval analysis},
	author = {Moore, R. E.},
	year = {1966},
	publisher = {Prentice Hall}
}

@book{reay_dsp,
	title = {Digital Signal Processing Using the ARM Cortex M4},
	author = {Reay, D. S.},
	year = {2015},
	publisher = {John Wiley \& Sons}
}

@book{jakubiec_redmono,
	author = {Jakubiec, J.},
	title = {Redukcyjna arytmetyka interwałowa w zastosowaniu do wyznaczania niepewności algorytmów przetwarzania danych pomiarowych},
	publisher = {Wydawnictwo Politechniki Śląskiej},
	year = {2002}
}

@book{jakubiec_system,
	title = {Błędy i niepewności danych w systemie pomiarowo-sterującym},
	author = {Jakubiec, J.},
	year = {2010},
	publisher = {Wydawnictwo Politechniki Śląskiej}
}

@book{wallen_handbook,
 	title = {The illustrated wavelet transform handbook: introductory theory and applications in science, engineering, medicine and finance},
	author = {Addison, P. S.},
	journal = {Biomedical Instrumentation \& Technology},
	year = {2017},
	publisher = {CRC Press}
}

@book{akujuobi_applications,
	title = {Wavelets and Wavelet Transform Systems and Their Applications},
	author = {Akujuobi, C. M.},
	year = {2022},
	publisher = {Springer}
}

@book{wei_coiflet,
	title = {Coiflet-type wavelets: theory, design, and applications},
	author = {Wei, D.},
	year = {1998},
	publisher = {The University of Texas at Austin}
}

@book{oppenheim_dsp,
	title = {Discrete-time signal processing},
	volume = {2},
	author = {Oppenheim, A. V. and Buck, J. R. and Schafer, R. W.},
	year = {2001},
	publisher = {Prentice Hall}
}

@book{oppenheim_sns,
	title = {Signals \& Systems},
	edition = {Second edition},
	author = {Oppenheim, A. V. and Willsky, A. S. and Nawab, S. H.},
	year = {1996},
	publisher = {Pearson}
}

@book{averbuch_spline,
	title = {Spline and Spline Wavelet Methods with Applications to Signal and Image Processing},
	author = {Averbuch, A. Z. and Neittaanmäki, P. and Zheludev, V. A.},
	volume = {1, 2, 3},
	year = {2014},
	publisher = {Springer}
}

@book{jadziak_dsp,
	title = {Przetwarzanie sygnałów. Wybrane zagadnienia},
	author = {Lal-Jadziak, J.},
	year = {2020},
	publisher = {Wydawnictwo Naukowe Uniwersytetu Mikołaja Kopernika}
}

@book{proakis_dsp,
	title = {Digital Signal Processing: Principles, Algorithms and Applications},
	author = {Proakis, J. G. and Manolakis, D. G.},
	year = {1996},
	publisher = {Prentice Hall}
}

@book{dieck_measurement,
	title = {Measurement uncertainty: methods and applications},
	author = {Dieck, R. H.},
	year = {2007},
	publisher = {ISA}
}

@book{mallat_wavelet,
	title = {A wavelet tour of signal processing},
	author = {Mallat, S.},
	year = {1999},
	publisher = {Elsevier}
}

@inbook{wang_splinebasics,
	title = {On Spline Wavelets},
	author = {Wang, J.},
	year = {2006},
	pages = {456-483},
	publisher = {Nashboro Press}
}

@conference{johnston_filter,
	title = {A filter family designed for use in quadrature mirror filter banks},
	author = {Johnston, J.},
	booktitle = {ICASSP'80. IEEE International Conference on Acoustics, Speech, and Signal Processing},
	volume = {5},
	pages = {291-294},
	year = {1980},
	organization = {IEEE}
}

@conference{kim_compilers,
	title = {Comparison of LLVM and GCC on the ARM Platform},
	author = {Jae-Jin, K. and Seok-Young, L. and Soo-Mook, M. and Suhyun, K.},
	booktitle = {2010 5th International Conference on Embedded and Multimedia Computing},
	pages = {1-6},
	year = {2010},
	organization = {IEEE}
}

@conference{arpaia_deltasigma,
	title = {Metrological characterization of high-performance delta-sigma ADCs: A case study of CERN DS-22},
	author = {Arpaia, P. and Baccigalupi, C. and Martino, M.},
	booktitle = {2018 IEEE International Instrumentation and Measurement Technology Conference (I2MTC)},
	pages = {1-6},
	year = {2018},
	organization = {IEEE}
}

@conference{vimala_ddendenoise,
	author = {Vimala, C. and Priya, P. A.},
	booktitle = {2014 International Conference on Smart Structures and Systems (ICSSS)},
	title = {Noise reduction based on Double Density Discrete Wavelet Transform},
	year = {2014},
	volume = {},
	number = {},
	pages = {15-18}
}

@conference{jakubiec_algorithms,
	title = {Uncertainty modelling method of data series processing algorithms},
	author = {Topór-Kaminski, T. and Jakubiec, J.},
	booktitle = {Proceedings of the IMEKO TC-4 Symposium on Development in Digital Measuring Instrumentation and 3rd Workshop on ADC Modelling and Testing, Lisabona, Portugal},
	pages = {17-18},
	year = {1998}
}

@incollection{singh_mexican,
	title = {Mexican Hat Wavelet Transform and Its Applications},
	author = {Singh, A. and Rawat, A. and Raghuthaman, N.},
	booktitle = {Methods of Mathematical Modelling and Computation for Complex Systems},
	pages = {299-317},
	year = {2022},
	publisher = {Springer}
}

@incollection{bandyszak_rtos,
	title = {Uncertainty Theories for Real-Time Systems},
	author = {Bandyszak, T. and Weyer, T. and Daun, M.},
	booktitle = {Handbook of Real-Time Computing},
	pages = {99-132},
	year = {2022},
	publisher = {Springer}
}

@incollection{anping_seismic,
	title = {Application of multi-wavelet seismic trace decomposition and reconstruction to seismic data interpretation and reservoir characterization},
	author = {An, P.},
	booktitle = {SEG technical program expanded abstracts 2006},
	pages = {973-977},
	year = {2006},
	publisher = {Society of Exploration Geophysicists}
}

@article{auth_electronics,
	author = {Dróżdż, Ł. and Roj, J.},
	title = {Propagation of Random Errors by the Discrete Wavelet Transform Algorithm},
	journal = {Electronics},
	volume = {10},
	year = {2021},
	number = {7}
}

@article{auth_reductive,
	title = {Zastosowanie metody redukcyjnej arytmetyki interwałowej do bieżącej oceny właściwości metrologicznych toru pomiarowego},
	author = {Dróżdż, Ł. and Roj, J.},
	journal = {Przegląd Elektrotechniczny},
	volume = {99},
	number = {12},
	year = {2023},
	pages = {83–86}
}

@article{bibbona_filter,
	title = {The Ornstein-Uhlenbeck process as a model of a low pass filtered white noise},
	author = {Bibbona, E. and Panfilo, G. and Tavella, P.},
	journal = {Metrologia},
	volume = {45},
	number = {6},
	pages = {117},
	year = {2008},
	publisher = {IOP Publishing}
}

@article{urbanski_fuzzy,
	title = {Fuzzy approach to the theory of measurement inexactness},
	author = {Urbanski, M. K. and Wąsowski, J.},
	journal = {Measurement},
	volume = {34},
	number = {1},
	pages = {67-74},
	year = {2003},
	publisher = {Elsevier}
}

@article{zhang_pdp,
	title = {A new uncertainty propagation method considering multimodal probability density functions},
	author = {Zhang, Z. and Wang, J. and Jiang, C. and Huang, Z. L.},
	journal = {Structural and Multidisciplinary Optimization},
	volume = {60},
	pages = {1983-1999},
	year = {2019},
	publisher = {Springer}
}

@article{yang_euc,
	title = {Combining pre-and post-model information in the uncertainty quantification of non-deterministic models using an extended Bayesian melding approach},
	author = {Yang, L. and Guo, Y.},
	journal = {Information Sciences},
	volume = {502},
	pages = {146-163},
	year = {2019},
	publisher = {Elsevier}
}

@article{misiti_matlabwav,
	title = {Wavelet toolbox},
	author = {Misiti, M. and Misiti, Y. and Oppenheim, G. and Poggi, J. M.},
	journal = {The MathWorks Inc., Natick, MA},
	volume = {15},
	pages = {21},
	year = {1996}
}

@article{pruuvsa_dwt,
	title = {Discrete wavelet transforms in the large time-frequency analysis toolbox for MATLAB/GNU Octave},
	author = {Průša, Z. and Søndergaard, P. L. and Rajmic, P.},
	journal = {ACM Transactions on Mathematical Software (TOMS)},
	volume = {42},
	number = {4},
	pages = {1-23},
	year = {2016},
	publisher = {ACM New York, NY, USA}
}


@article{lee_pywavelets,
	title = {PyWavelets: A Python package for wavelet analysis},
	author = {Lee, G. and Gommers, R. and Waselewski, F. and Wohlfahrt, K. and O'Leary, A.},
	journal = {Journal of Open Source Software},
	volume = {4},
	number = {36},
	pages = {1237},
	year = {2019},
	publisher = {The Open Journal}
}

@article{benassi_filter,
	title = {Identification of filtered white noises},
	journal = {Stochastic Processes and their Applications},
	volume = {75},
	number = {1},
	pages = {31-49},
	year = {1998},
	author = {Albert, B. and Serge, C. and Jacques, I. and Stéphane, J.},
	keywords = {Gaussian processes, Identification}
}

@article{sienkowski_adc,
	title = {Graniczne wartości błędów kwantowania pomiarze wartości średniokwadratowej na przykładzie wybranego sygnału poliharmonicznego poddanego kwantowaniu w idealnym przetworniku A/C},
	author = {Sienkowski, S.},
	journal = {Prace Naukowe Pol. Śl., Elektryka},
	year = {2008},
	pages = {101-112},
	number = {205},
	volume = {Z. 1}
}

@article{sienkowski_kwant,
	title = {Uogólniony model błędu kwantowania w pomiarze wartości skutecznej sygnałów},
	author = {Sienkowski, S.},
	journal = {Pomiary Automatyka Kontrola},
	volume = {54},
	pages = {340-342},
	year = {2008}
}

@article{ocak_medicine,
	title = {Automatic detection of epileptic seizures in EEG using discrete wavelet transform and approximate entropy},
	journal = {Expert Systems with Applications},
	volume = {36},
	number = {2, Part 1},
	pages = {2027-2036},
	year = {2009},
	author = {Hasan, O.},
	keywords = {Seizure detection, Approximate entropy, Discrete wavelet transform, Surrogate data analysis}
}

@article{wymyslo_delay,
	title = {Badanie związków między błędami opóźnień a innymi błędami w systemie pomiarowo-sterującym w oparciu o definicję współczynnika korelacji},
	author = {Wymysło, M.},
	journal = {Przegląd Elektrotechniczny},
	volume = {92},
	number = {12},
	pages = {217-220},
	year = {2016}
}

@article{wymyslo_range,
	title = {Przedziałowa postać wyniku pomiaru jako podstawa wyrażania niedokładności w systemach pomiarowo-sterujących},
	author = {Wymysło, M. and Jakubiec, J.},
	journal = {Zeszyty Naukowe Wydziału Elektrotechniki i Automatyki Politechniki Gdańskiej},
	year = {2018}
}

@article{yan_uncertainty,
	title = {Wavelet transform-based modal parameter identification considering uncertainty},
	journal = {Journal of Sound and Vibration},
	volume = {291},
	number = {1},
	pages = {285-301},
	year = {2006},
	author = {Yan, B. F. and Miyamoto, A. and Brühwiler, E.}
}

@article{wilczok_uncertainty,
	title = {New uncertainty principles for the continuous Gabor transform and the continuous wavelet transform},
	author = {Wilczok, E.},
	journal = {Doc. Math},
	volume = {5},
	pages = {201-226},
	year = {2000}
}

@article{jakubiec_single,
	title = {The error based model of a single measurement result in uncertainty calculation of the mean value of series},
	author = {Jakubiec, J.},
	journal = {Probl. Prog. Metrol},
	volume = {20},
	pages = {75-78},
	year = {2015}
}

@article{jakubiec_model,
	title = {Model niepewności jako podstawa oceny dokładności algorytmów przetwarzania pomiarowego},
	author = {Jakubiec, J.},
	journal = {Zeszyty Naukowe Pol. Śl., Elektryka},
	volume = {Z. 169},
	pages = {7-36},
	year = {2000}
}

@article{narang_wavelets,
	author = {Narang, S. K. and Ortega, A.},
	journal = {IEEE Transactions on Signal Processing},
	title = {Perfect Reconstruction Two-Channel Wavelet Filter Banks for Graph Structured Data},
	year = {2012},
	volume = {60},
	number = {6},
	pages = {2786-2799}
}

@article{kotteri_imagecomp,
	author = {Kotteri, K. A. and Bell, A. E. and Carletta, J. E.},
	journal = {IEEE Transactions on Circuits and Systems I: Regular Papers},
	title = {Design of multiplierless, high-performance, wavelet filter banks with image compression applications},
	year = {2004},
	volume = {51},
	number = {3},
	pages = {483-494}
}

@article{peretto_uncertainty,
	author = {Peretto, L. and Sasdelli, R. and Tinarelli, R.},
	journal = {IEEE Transactions on Instrumentation and Measurement},
	title = {On uncertainty in wavelet-based signal analysis},
	year = {2005},
	volume = {54},
	number = {4},
	pages = {1593-1599}
}

@article{vonesch_dbbasics,
	author = {Vonesch, C. and Blu, T. and Unser, M.},
	journal = {IEEE Transactions on Signal Processing},
	title = {Generalized Daubechies Wavelet Families},
	year = {2007},
	volume = {55},
	number = {9},
	pages = {4415-4429}
}

@article{reddy_compression,
	title = {A lossless image compression using traditional and lifting based wavelets},
	author = {Reddy, B. E. and Narayana, K. V.},
	journal = {Signal \& Image Processing},
	volume = {3},
	number = {2},
	pages = {213},
	year = {2012},
	publisher = {Academy \& Industry Research Collaboration Center (AIRCC)}
}

@article{katunin_splineusage,
	title = {The possibility of application of B-spline family wavelets in diagnostic signal processing},
	author = {Katunin, A. and Korczak, A.},
	journal = {acta mechanica et automatica},
	volume = {3},
	number = {4},
	pages = {43-48},
	year = {2009}
}

@article{koliander_fusion,
	title = {Fusion of probability density functions},
	author = {Koliander, G. and El-Laham, Y. and Djurić, P. M. and Hlawatsch, F.},
	journal = {Proceedings of the IEEE},
	volume = {110},
	number = {4},
	pages = {404-453},
	year = {2022},
	publisher = {IEEE}
}

@article{selenick_ddenusage,
	author = {Selesnick, I. W.},
	journal = {IEEE Transactions on Signal Processing},
	title = {The double-density dual-tree DWT},
	year = {2004},
	volume = {52},
	number = {5},
	pages = {1304-1314}
}

@article{jakubiec_reductive,
	title = {Reductive interval arithmetic application to uncertainty calculation of measurement result burdened correlated errors},
	author = {Jakubiec, J.},
	journal = {Metrology and Measurement Systems},
	volume = {10},
	number = {2},
	pages = {137-156},
	year = {2003}
}

@article{mehrnia_fir,
	title = {FIR filter design using optimal factoring: a walkthrough and summary of benefits},
	author = {Mehrnia, A. and Willson, A. N.},
	journal = {IEEE Circuits and Systems Magazine},
	volume = {16},
	number = {1},
	pages = {8-21},
	year = {2016},
	publisher = {IEEE}
}

@article{shensa_dwt,
	title = {The discrete wavelet transform: wedding the a trous and Mallat algorithms},
	author = {Shensa, M. J.},
	journal = {IEEE Transactions on signal processing},
	volume = {40},
	number = {10},
	pages = {2464-2482},
	year = {1992}
}

@article{roj_annuncertainty,
	title = {Estimation of the artificial neural network uncertainty used for measurand reconstruction in a sampling transducer},
	author = {Roj, J.},
	journal = {IET Science, Measurement \& Technology},
	volume = {8},
	number = {1},
	pages = {23-29},
	year = {2014},
	publisher = {Wiley Online Library}
}

@article{wills_nonlinear,
	title = {Generalised Hammerstein-Wiener system estimation and a benchmark application},
	author = {Wills, A. and Ninness, B.},
	journal = {Control Engineering Practice},
	volume = {20},
	number = {11},
	pages = {1097--1108},
	year = {2012},
	publisher = {Elsevier}
}

@article{sarrafi_uncertainty,
	title = {Uncertainty quantification framework for wavelet transformation of noise-contaminated signals},
	author = {Sarrafi, A. and Mao, Z. and Shiao, M.},
	journal = {Measurement},
	volume = {137},
	pages = {102-115},
	year = {2019},
	publisher = {Elsevier}
}

@article{batko_uncertainty,
	title = {Uncertainty evaluation in modelling of acoustic phenomena with uncertain parameters using interval arithmetic},
	author = {Batko, W. and Pawlik, P.},
	journal = {Acta Physica Polonica A},
	volume = {121},
	number = {1A},
	year = {2012},
	publisher = {Polska Akademia Nauk. Instytut Fizyki PAN}
}

@article{janssen_montecarlo,
	title = {Monte-Carlo based uncertainty analysis: Sampling efficiency and sampling convergence},
	author = {Janssen, H.},
	journal = {Reliability Engineering \& System Safety},
	volume = {109},
	pages = {123-132},
	year = {2013},
	publisher = {Elsevier}
}

@article{durak_sftp,
	title = {Short-time Fourier transform: two fundamental properties and an optimal implementation},
	author = {Durak, L. and Arikan, O.},
	journal = {IEEE Transactions on Signal Processing},
	volume = {51},
	number = {5},
	pages = {1231-1242},
	year = {2003},
	publisher = {IEEE}
}

@article{unser_medicine,
	title = {A review of wavelets in biomedical applications},
	author = {Unser, M. and Aldroubi, A.},
	journal = {Proceedings of the IEEE},
	volume = {84},
	number = {4},
	pages = {626-638},
	year = {1996},
	publisher = {IEEE}
}

@article{yan_mechanics,
	title = {Wavelets for fault diagnosis of rotary machines: A review with applications},
	author = {Yan, R. and Gao, R. X. and Chen, X.},
	journal = {Signal processing},
	volume = {96},
	pages = {1-15},
	year = {2014},
	publisher = {Elsevier}
}

@article{laplante_rtos,
	title = {The certainty of uncertainty in real-time systems},
	author = {Laplante, Phillip A},
	journal = {IEEE Instrumentation \& Measurement Magazine},
	volume = {7},
	number = {4},
	pages = {44-50},
	year = {2004},
	publisher = {IEEE}
}

@article{lujian_mallat,
	title = {Parallelizing Mallat algorithm for 2-D wavelet transforms},
	author = {Lu, J.},
	journal = {Information Processing Letters},
	volume = {45},
	number = {5},
	pages = {255-259},
	year = {1993},
	publisher = {Elsevier}
}

@article{daubechies_wavelets,
	title = {Orthonormal bases of compactly supported wavelets},
	author = {Daubechies, I.},
	journal = {Communications on pure and applied mathematics},
	volume = {41},
	number = {7},
	pages = {909-996},
	year = {1988},
	publisher = {Wiley Online Library}
}

@article{stankovic_haar,
	title = {The Haar wavelet transform: its status and achievements},
	author = {Stanković, R. S. and Falkowski, B. J.},
	journal = {Computers \& Electrical Engineering},
	volume = {29},
	number = {1},
	pages = {25-44},
	year = {2003},
	publisher = {Elsevier}
}

@article{sweldens_bior,
	title = {Lifting scheme: a new philosophy in biorthogonal wavelet constructions},
	author = {Sweldens, W.},
	booktitle = {Wavelet applications in signal and image processing III},
	volume = {2569},
	pages = {68-79},
	year = {1995},
	organization = {SPIE}
}

@article{gray_quantization,
	title = {Quantization},
	author = {Gray, R. M. and Neuhoff, D. L.},
	journal = {IEEE Transactions on Information Theory},
	year = {1998},
	volume = {44},
	number = {6},
	pages = {2325-2383}
}

@article{widrow_quantization,
	title = {Statistical analysis of amplitude-quantized sampled-data systems},
	author = {Widrow, B.},
	journal = {Transactions of the American Institute of Electrical Engineers, Part II: Applications and Industry},
	volume = {79},
	number = {6},
	pages = {555-568},
	year = {1961},
	publisher = {IEEE}
}


@article{cohen_morlet,
	title = {A better way to define and describe Morlet wavelets for time-frequency analysis},
	author = {Cohen, M. X.},
	journal = {NeuroImage},
	volume = {199},
	pages = {81-86},
	year = {2019},
	publisher = {Elsevier}
}

@article{auth_denoise,
	title = {Wpływ parametrów banku filtrów na skuteczność redukcji szumu w sygnale pomiarowym przy zastosowaniu algorytmu dyskretnej transformacji falkowej},
	author = {Dróżdż, Ł. and Roj, J.},
	journal = {Zeszyty Naukowe Wydziału Elektrotechniki i Automatyki Politechniki Gdańskiej},
	year = {2019}
}

@article{haar_basics,
	author = {Haar, A.},
	journal = {Mathematische Annalen},
	pages = {331-371},
	title = {Zur Theorie der orthogonalen Funktionensysteme. (Erste Mitteilung).},
	volume = {69},
	year = {1910}
}

@article{saleh_systemonchip,
	title = {System-on-chip: Reuse and integration},
	author = {Saleh, R. and Wilton, S. and Mirabbasi, S. and Hu, A. and Greenstreet, M. and Lemieux, G. and Pande, P. P. and Grecu, C. and Ivanov, A.},
	journal = {Proceedings of the IEEE},
	volume = {94},
	number = {6},
	pages = {1050-1069},
	year = {2006},
	publisher = {IEEE}
}

@article{auth_window,
	author = {Dróżdż, Ł. and Roj, J.},
	journal = {Przegląd elektrotechniczny},
	pages = {9-13},
	title = {Wpływ parametrów okna pomiarowego na przenoszenie błędów losowych przez algorytmy dyskretnej transformacji falkowej},
	volume = {12},
	year = {2022}
}

@article{rowe_dbmath,
	title = {Daubechies wavelets and mathematica},
	author = {Rowe, A. C. H. and Abbott, P. C.},
	journal = {Computers in Physics},
	volume = {9},
	number = {6},
	pages = {635-648},
	year = {1995},
	publisher = {American Institute of Physics}
}

@article{niedopytalski_ene,
	title = {Wykorzystanie przekształceń falkowych w przetwarzaniu sygnałów pomiarowych dla celów automatyki elektroenergetycznej},
	author = {Niedopytalski, M. and Halinka, A.},
	journal = {Przegląd Elektrotechniczny},
	volume = {98},
	number = {12},
	pages = {1-4},
	year = {2022}
}

@article{niedopytalski_zwar,
	title = {Metody wykrywania zwarć wielkoprądowych w liniach elektroenergetycznych z wykorzystaniem transformaty falkowej},
	author = {Niedopytalski, M. and Halinka, A.},
	journal = {Prace Naukowe Politechniki Śląskiej},
	series = {Elektryka},
	volume = {201},
	number = {1},
	pages = {107-118},
	year = {2007}
}

@article{benz_floats,
	title = {A dynamic program analysis to find floating-point accuracy problems},
	author = {Benz, F. and Hildebrandt, F. and Hack, S.},
	journal = {ACM SIGPLAN Notices},
	volume = {47},
	number = {6},
	pages = {453-462},
	year = {2012},
	publisher = {ACM New York}
}

@article{ruhm_signals,
	title = {Deterministic, nondeterministic signals},
	author = {Ruhm, K. H.},
	journal = {Institute for Dynamic Systems and Control, Zurich, Switzerland},
	year = {2008}
}

@manual{lord_guide,
	title = {A practical guide to wavelets for metrology},
	author = {Lord, G. J. and Pardo-Igúzquiza, E. and Smith, I. M.},
	organization = {National Physical Laboratory},
	year = {2000}
}

@manual{jcgm_guide,
	author = {Joint Committee for Guides in Metrology},
	title = {Evaluation of measurement data},
	subtitle = {Guide to the Expression of Uncertainty in Measurement},
	organization = {JCGM},
	year = {2008}
}

@manual{jcgm_montecarlo,
	author = {Joint Committee for Guides in Metrology},
	title = {Evaluation of measurement data},
	subtitle = {Propagation of distributions using a Monte Carlo method},
	organization = {JCGM},
	year = {2008}
}

@manual{gcc_manual,
	title = {Using the GNU Compiler Collection},
	author = {Stallman, R. M. and others},
	organization = {Free Software Foundation},
	year = {2023}
}

@manual{mikkelsen_ltspice,
	title = {LTspice},
	subtitle = {An Introduction},
	author = {Mikkelsen, J. H.},
	organization = {RF Integrated Systems \& Circuits (RISC) Division, Institute of Electronic Systems, Aalborg University},
	year = {2005}
}

@manual{baker_sar,
	title = {Optimize Your SAR ADC Design},
	author = {Baker, B. C.},
	organization = {Texas Instruments Inc.},
	year = {2019}
}

@manual{nenzi_ngspice,
	title = {Ngspice Users Manual},
	author = {Nenzi, F. and Vogt, H.},
	organization = {Ngspice Project},
	edition = {Version 42},
	year = {2011},
}

@manual{rigol_fawg, shorthand = {RIG07},
	title = {User’s Guide DG1-070518},
	subtitle = {DG1000 Series Function/Arbitrary Waveform Generator},
	organization = {RIGOL Technologies Inc.},
	year = {2007}
}

@manual{rigol_dso, shorthand = {RIG04},
	title = {User Manual DS5-040501},
	subtitle = {DS-5000 Series Digital Storage Oscilloscope},
	organization = {RIGOL Electronic Co. Ltd.},
	year = {2004}
}

@manual{agilent_manual, shorthand = {AGI11},
	title = {Agilent 3458A Multimeter},
	subtitle = {Data Sheet},
	organization = {Agilent Technologies Inc.},
	year = {2011}
}

@manual{fluke_manual, shorthand = {FC12},
	title = {The 5700A/5720A Series II High Performance Multifunction Calibrators},
	subtitle = {Extended Specifications},
	organization = {Fluke Calibration},
	year = {2012}
}

@manual{microchip_manual, shorthand = {MT19},
	title = {Datasheet DS20001733L},
	subtitle = {MCP6001/1R/1U/2/4 1 MHz, Low-Power Op Amp},
	organization = {Microchip Technology Inc.},
	year = {2019}
}

@manual{microchip_application, shorthand = {AN682},
	title = {Application note AN682},
	author = {Baker, B. C.},
	subtitle = {Using Single Supply Operational Amplifiers in Embedded Systems},
	organization = {Microchip Technology Inc.},
	year = {2011}
}

@manual{stm_manual, shorthand = {DS2572},
	title = {Datasheet DS2572},
	subtitle = {LD1117, Adjustable and fixed low drop positive voltage regulator},
	organization = {STMicroelectronics},
	year = {2020}
}

@manual{diodes_manual, shorthand = {DS37952},
	title = {Datasheet DS37952},
	subtitle = {AP7343, 300mA high PSRR low noise LDO with enable},
	organization = {Diodes Inc.},
	year = {2021}
}

@manual{stm_adc, shorthand = {AN1636},
	title = {Application note AN1636},
	subtitle = {Understanding and minimising ADC conversion errors},
	organization = {STMicroelectronics},
	year = {2003}
}

@manual{stm_f411, shorthand = {DS10314},
	title = {Datasheet DS10314},
	subtitle = {STM32F411xC STM32F411xE, Arm Cortex-M4 32b MCU+FPU, 125 DMIPS, 512KB Flash, 128KB RAM, USB OTG FS, 11 TIMs, 1 ADC, 13 comm. interfaces},
	organization = {STMicroelectronics},
	year = {2017}
}

@manual{cortex_fpu, shorthand = {ARM10},
	title = {Cortex-M4},
	subtitle = {Technical Reference Manual},
	organization = {ARM Limited},
	year = {2010}
}

@manual{cortex_dsp, shorthand = {ARM23},
	title = {CMSIS-DSP},
	subtitle = {Embedded compute library for Cortex-M and Cortex-A},
	organization = {ARM Limited},
	year = {2023}
}

@manual{wellzion_probes, shorthand = {WET17},
	title = {Oscilloscope Probe},
	subtitle = {Product List},
	organization = {Wellzion Electronics Technology Co. Ltd.},
	year = {2017}
}

@manual{renesans_jitter, shorthand = {AN815},
	title = {Application note AN-815},
	subtitle = {Understanding Jitter Units},
	organization = {Renesas Electronics Corporation},
	year = {2020}
}
