@article{auth_algorithm,
	author = {Dróżdż, Ł. and Roj, J.},
	title = {Algorytm wyznaczania wypadkowej wartości niepewności rozszerzonej w przypadku analizy obejmującej wiele źródeł sygnałów błędów},
	year = {2024},
	journal = {Przegląd Elektrotechniczny},
	publisher = {SIGMA-NOT},
	volume = {100},
	number = {12},
	pages = {81-84},
	doi = {1015199/48.2024.12.17}
}

@article{auth_dwtownerr,
	author = {Dróżdż, Ł. and Roj, J.},
	title = {Origin and properties of own error signals of the discrete wavelet transform algorithms},
	year = {2024},
	journal = {International Journal of Electronics and Telecommunications},
	publisher = {PAN},
	volume = {70},
	number = {3},
	pages = {643–648},
	doi = {10.24425/ijet.2024.149591}
}

@article{auth_uncertainty,
	author = {Kampik, M. and Roj, J. and Dróżdż, Ł.},
	title = {A method for estimating the resultant expanded uncertainty value based on interval arithmetic},
	publisher = {MDPI},
	year = {2024},
	journal = {Applied Sciences},
	volume = {14},
	number = {16},
	doi = {10.3390/app14167334}
}

@article{auth_model,
	author = {Kampik, M. and Roj, J. and Dróżdż, Ł.},
	title = {Error model of a measurement chain containing the discrete wavelet transform algorithm},
	publisher = {MDPI},
	year = {2024},
	journal = {Applied Sciences},
	volume = {14},
	number = {8},
	doi = {10.3390/app14083461}
}

@article{auth_estimation,
	author = {Kampik, M. and Roj, J. and Dróżdż, Ł.},
	title = {Estimation of the resultant expanded uncertainty of the output quantities of the measurement chain using the discrete wavelet transform algorithm},
	publisher = {MDPI},
	year = {2024},
	journal = {Applied Sciences},
	volume = {14},
	number = {9},
	doi = {10.3390/app14093691}
}

@article{auth_reductive,
	author = {Dróżdż, Ł. and Roj, J.},
	title = {Zastosowanie metody redukcyjnej arytmetyki interwałowej do bieżącej oceny właściwości metrologicznych toru pomiarowego},
	year = {2023},
	journal = {Przegląd Elektrotechniczny},
	publisher = {SIGMA-NOT},
	volume = {99},
	number = {12},
	pages = {83-86},
	doi = {10.15199/48.2023.12.15}
}

@article{auth_method,
	author = {Roj, J. and Dróżdż, Ł.},
	title = {Metoda szacowania niepewności wielkości wyjściowych torów pomiarowych wykorzystujących algorytmy dyskretnej transformacji falkowej},
	year = {2022},
	journal = {Przegląd Elektrotechniczny},
	publisher = {SIGMA-NOT},
	volume = {98},
	number = {11},
	pages = {155-159},
	doi = {10.15199/48.2022.11.31}
}

@article{auth_window,
	author = {Roj, J. and Dróżdż, Ł.},
	title = {Wpływ parametrów okna pomiarowego na przenoszenia błędów losowych przez algorytmy dyskretne transformacji falkowej},
	year = {2022},
	journal = {Przegląd Elektrotechniczny},
	publisher = {SIGMA-NOT},
	volume = {98},
	number = {12},
	pages = {9-13},
	doi = {10.15199/48.2022.12.03}
}

@article{auth_random,
	author = {Roj, J. and Dróżdż, Ł.},
	title = {Propagation of random errors by the discrete wavelet transform algorithm},
	publisher = {MDPI},
	year = {2021},
	journal = {Electronics},
	volume = {10},
	number = {7},
	doi = {10.3390/electronics10070764}
}

@article{auth_denoise,
	author = {Dróżdż, Ł. and Roj, J.},
	title = {Wpływ parametrów banku filtrów na skuteczność redukcji szumu w sygnale pomiarowym przy zastosowaniu algorytmu dyskretnej transformacji falkowej},
	publisher = {Politechnika Gdańska},
	year = {2019},
	journal = {Zesz. Nauk. Wydz. Elektr. i Autom. Politechniki Gdańskiej},
	number = {66},
	pages = {11-14},
	doi = {10.32016/1.66.01}
}

@article{auth_parallel,
	author = {Dróżdż, Ł. and Roj, J.},
	title = {Wpływ zastosowania obliczeń równoległych na czas wykonywania rozmytych algorytmów sterowania},
	year = {2018},
	journal = {Przegląd Elektrotechniczny},
	publisher = {SIGMA-NOT},
	volume = {94},
	number = {11},
	pages = {26-29},
	doi = {10.15199/48.2018.11.06}
}

@article{auth_iot,
	author = {Krupanek, B. and Bogacz, R. and Dróżdż, Ł.},
	title = {System parkowania zmniejszający zanieczyszczenie środowiska oparty na IoT},
	publisher = {Politechnika Gdańska},
	year = {2018},
	journal = {Zesz. Nauk. Wydz. Elektr. i Autom. Politechniki Gdańskiej},
	volume = {59},
	pages = {117-121},
	doi = {10.32016/1.59.25}
}

@inbook{auth_redalgp,
	author = {Dróżdż, Ł. and Roj, J.},
	title = {Algorytm wyznaczania wypadkowej wartości niepewności rozszerzonej w wypadku analizy obejmującej wiele źródeł sygnałów błędów},
	publisher = {Uniwersytet Zielonogórski},
	year = {2024},
	pages = {19-22},
	booktitle = {Systemy Pomiarowe w Badaniach Naukowych i w Przemyśle. XV konferencja naukowa, Łagów, 9-11 czerwca 2024. Materiały konferencyjne},
	editor = {Szulim, R.},
	isbn = {978-83-957716-4-4}
}

@inbook{auth_windowp,
	author = {Dróżdż, Ł. and Roj, J.},
	title = {Wpływ parametrów okna pomiarowego na przenoszenie błędów losowych przez algorytmy dyskretnej transformacji falkowej},
	publisher = {Politechnika Śląska},
	year = {2022},
	series = {Prace Komisji Metrologii Oddziału PAN w Katowicach. Konferencje},
	booktitle = {Podstawowe problemy metrologii. PPM'22, Gliwice, 6 czerwca 2022. Materiały konferencyjne},
	isbn = {978-83-7880-838-1}
}

@inbook{auth_methodp,
	author = {Roj, J. and Dróżdż, Ł.},
	title = {Metoda szacowania niepewności wielkości wyjściowych torów pomiarowych wykorzystujących algorytmy dyskretnej transformacji falkowej},
	publisher = {Uniwersytet Zielonogórski},
	year = {2022},
	pages = {81-84},
	booktitle = {Systemy Pomiarowe w Badaniach Naukowych i w Przemyśle. XIV konferencja naukowa, Łagów, 12-15 czerwca 2022. Materiały konferencyjne},
	editor = {Szulim, R.},
	isbn = {978-83-957716-2-0}
}

@inbook{auth_analysysp,
	author = {Dróżdż, Ł. and Roj, J.},
	title = {Analiza metrologiczna toru pomiarowego wykorzystującego algorytm dyskretnej transformacji falkowej},
	publisher = {Politechnika Śląska},
	year = {2020},
	pages = {45-60},
	booktitle = {Metrologia naukowa, normatywna i przemysłowa. Wybrane zagadnienia},
	editor = {Roj, J.},
	isbn = {978-83-7880-737-7}
}

@inbook{auth_parallelp,
	author = {Dróżdż, Ł. and Roj, J.},
	title = {Wykorzystanie platformy wieloprocesorowej do implementacji rozmytych algorytmów sterowania},
	publisher = {Uniwersytet Zielonogórski},
	year = {2018},
	pages = {31-34},
	booktitle = {Systemy Pomiarowe w Badaniach Naukowych i w Przemyśle. XII Konferencja naukowa, Łagów, 10-13 czerwca 2018. Materiały konferencyjne},
	editor = {Szulim, R.},
	isbn = {978-83-7842-328-7}
}

@inbook{auth_sourcep,
	author = {Dróżdż, M. and Bogacz, R. and Dróżdż, Ł.},
	title = {Programowalne źródło napięcia stałego o podwyższonej rozdzielczości},
	publisher = {Uniwersytet Zielonogórski},
	year = {2018},
	pages = {27-30},
	booktitle = {Systemy Pomiarowe w Badaniach Naukowych i w Przemyśle. XII Konferencja naukowa, Łagów, 10-13 czerwca 2018. Materiały konferencyjne},
	editor = {Szulim, R.},
	isbn = {978-83-7842-328-7}
}
