@manual{rigol_fawg, shorthand = {RIG07},
	title = {Userâ€™s Guide DG1-070518},
	subtitle = {DG1000 Series Function/Arbitrary Waveform Generator},
	organization = {RIGOL Technologies Inc.},
	year = {2007}
}

@manual{rigol_dso, shorthand = {RIG04},
	title = {User Manual DS5-040501},
	subtitle = {DS-5000 Series Digital Storage Oscilloscope},
	organization = {RIGOL Electronic Co. Ltd.},
	year = {2004}
}

@manual{agilent_manual, shorthand = {AGI11},
	title = {Agilent 3458A Multimeter},
	subtitle = {Data Sheet},
	organization = {Agilent Technologies Inc.},
	year = {2011}
}

@manual{fluke_manual, shorthand = {FC12},
	title = {The 5700A/5720A Series II High Performance Multifunction Calibrators},
	subtitle = {Extended Specifications},
	organization = {Fluke Calibration},
	year = {2012}
}

@manual{microchip_manual, shorthand = {MT19},
	title = {Datasheet DS20001733L},
	subtitle = {MCP6001/1R/1U/2/4 1 MHz, Low-Power Op Amp},
	organization = {Microchip Technology Inc.},
	year = {2019}
}

@manual{microchip_application, shorthand = {AN682},
	title = {Application note AN682},
	author = {Baker, B. C.},
	subtitle = {Using Single Supply Operational Amplifiers in Embedded Systems},
	organization = {Microchip Technology Inc.},
	year = {2011}
}

@manual{stm_manual, shorthand = {DS2572},
	title = {Datasheet DS2572},
	subtitle = {LD1117, Adjustable and fixed low drop positive voltage regulator},
	organization = {STMicroelectronics},
	year = {2020}
}

@manual{diodes_manual, shorthand = {DS37952},
	title = {Datasheet DS37952},
	subtitle = {AP7343, 300mA high PSRR low noise LDO with enable},
	organization = {Diodes Inc.},
	year = {2021}
}

@manual{stm_adc, shorthand = {AN1636},
	title = {Application note AN1636},
	subtitle = {Understanding and minimising ADC conversion errors},
	organization = {STMicroelectronics},
	year = {2003}
}

@manual{stm_f411, shorthand = {DS10314},
	title = {Datasheet DS10314},
	subtitle = {STM32F411xC STM32F411xE, Arm Cortex-M4 32b MCU+FPU, 125 DMIPS, 512KB Flash, 128KB RAM, USB OTG FS, 11 TIMs, 1 ADC, 13 comm. interfaces},
	organization = {STMicroelectronics},
	year = {2017}
}

@manual{cortex_fpu, shorthand = {ARM10},
	title = {Cortex-M4},
	subtitle = {Technical Reference Manual},
	organization = {ARM Limited},
	year = {2010}
}

@manual{cortex_dsp, shorthand = {ARM23},
	title = {CMSIS-DSP},
	subtitle = {Embedded compute library for Cortex-M and Cortex-A},
	organization = {ARM Limited},
	year = {2023}
}

@manual{wellzion_probes, shorthand = {WET17},
	title = {Oscilloscope Probe},
	subtitle = {Product List},
	organization = {Wellzion Electronics Technology Co. Ltd.},
	year = {2017}
}

@manual{renesans_jitter, shorthand = {AN815},
	title = {Application note AN-815},
	subtitle = {Understanding Jitter Units},
	organization = {Renesas Electronics Corporation},
	year = {2020}
}
